@article{TODO,
  author  = {TODO and TODO},
  title   = {TODO},
  journal = {Journal of {TODO}},
  volume  = {TODO},
  number  = {TODO},
  year    = {TODO},
  pages   = {TODO--TODO}
}
